@article{greenwade93,
    author  = "George D. Greenwade",
    title   = "The {C}omprehensive {T}ex {A}rchive {N}etwork ({CTAN})",
    year    = "1993",
    journal = "TUGBoat",
    volume  = "14",
    number  = "3",
    pages   = "342--351"
}

@manual{GrishinaStedeGuide,
    author = "Grishina, Yulia and Stede, Manfred",
    title = "Parallel coreference annotation guidelines.",
    year = "2016",
    month = "November",
    pdf = "https://github.com/yuliagrishina/CORBON-2017-Shared-Task/blob/master/Parallel_annotation_guidelines.pdf",
    keywords = ""
}

@manual{GuillouEtAlGuide,
  author =       "Liane Guillou and Christian Hardmeier and Aaron Smith and J{\"o}rg Tiedemann and Bonnie Webber",
  title =        {ParCor 1.0: Pronoun Coreference Annotation Guidelines},
  year =         "2014",
  month =        "March 21",
  address =      "Edinburgh, Uppsala",
  publisher =    "University of Edinburgh and University of Uppsala"
 }
 
 @manual{Kunz2012,
 author = "Kerstin Kunz",
 title = "Richtlinien für die Korrektur von kohäsiven
Referenzmitteln",
year = "2012",
month = "December"
}

@manual{NedoluzhkoMirovsky201,
author= "Anna Nedoluzhko and Jiri Mirovsky",
title = "Annotating extended textual coreference and
bridging relations in the Prague Dependency
Treebank",
year = "2009",
address = "Prague"
}

@INCOLLECTION{KunzSteiner2012,
author = {Kunz, K. and Steiner, E.},
year = {2012},
title = {Towards a comparison of cohesive reference in English and German: System and text},
editor = {M. Taboada and S. Doval Suárez and E. González Álvarez},
booktitle = {Contrastive Discourse Analysis. Functional and Corpus Perspectives},
address = {London},
publisher = {Equinox}
}

@INCOLLECTION{KunzSteiner2013,
author = {Kunz, K. and Steiner, E.},
year = {2013},
title = {Cohesive substitution in
English and German: A contrastive and corpus-based perspectivet},
editor = {Karin Aijmer and Bengt Altenberg},
booktitle = {Advances in Corpus-Based Contrastive Linguistics. Studies in
honour of Stig Johansson},
address = {Amsterdam},
publisher = {John Benjamins},
pages = {201--232}
}

@BOOK{deBeaugrandeDressler1981,
author = {De Beaugrande, R.-A. and Dressler, W. U.},
year = {1981},
title = {Einführung in die Textlinguistik},
address = {Tübingen},
publisher = {Niemeyer}
}

@PHDTHESIS{Menzel2017,
author= {Menzel, K.},
year = {2017},
title = {Understanding English-German contrasts: a
corpus-based comparative analysis of ellipses as cohesive devices},
school = {Universität des Saarlandes},
address = {Saarbrücken},
publisher = {Saarländische Universitäts- und Landesbibliothek}
}

@BOOK{HallidayHasan1976,
	author  = {Halliday, M.A.K. and Hasan, Ruqaiya},
    title   = {Cohesion in English},
    year    = "1976",
    publisher = {Longman},
    address = {London, New York}
}